% This file was created with JabRef 2.9.2.
% Encoding: UTF8

@article{mathmodel,
	title={Математическая постановка задачи оптимизации движения группы квадрокоптеров},
	author={Лысенко, АИ and Чумаченко, СН and Тачинина, ЕН},
	journal={Техническая механика},
	number={1},
	pages={74--83},
	year={2016},
	publisher={Национальная академия наук Украины, Институт технической механики}
}

@report{minobr,
	title = {Министерство образования и науки Российской Федерации},
	number = {ПРИКАЗ № 1897 «Об утверждении федерального государственного образовательного стандарта основного общего образования» от 17.12.2010},
	timestamp = {2010.12.17},
	url = {http://www.consultant.ru/document/cons_doc_LAW_110255/}
}

@report{ivp,
	title = {Воздушный кодекс Российской Федерации от 19.03.1997 N 60-ФЗ (ред. от 08.06.2020)},
	number = {Статья 33. Государственная регистрация и государственный учет воздушных судов, пункт 3.2.},
	timestamp = {2020.06.08},
	url = {http://www.consultant.ru/document/cons_doc_LAW_13744/009711b4b9730b8597cfd79d7160a30bcae04d60/}
}

@MISC{multiwii,
	title = {Multicopter WIKI},
	howpublished = {\url{https://multicopterwiki.ru/index.php/MultiWii}}
}

@MISC{px,
	title = {The history of pixhawk},
	howpublished = {\url{https://auterion.com/company/the-history-of-pixhawk/}}
}

@MISC{clover,
	title = {Документация COEX Clover},
	howpublished = {\url{https://clover.coex.tech/ru/}}
}

@MISC{px4,
	title = {PX4 Autopilot User Guide},
	howpublished = {\url{https://docs.px4.io/master/en/}}
}

@MISC{qgroundcontrol,
	title = {QGroundControl User Guide},
	howpublished = {\url{https://docs.qgroundcontrol.com/master/en/index.html}}
}

@MISC{mavlink,
	title = {MAVLink Developer Guide},
	howpublished = {\url{https://mavlink.io/en/}}
}

@MISC{ros,
	title = {Documentation ROS},
	howpublished = {\url{https://www.ros.org/about-ros/}}
}

@BOOK{voltbro,
	title = {Введение в Robot Operating System},
	publisher = {компания "Братья Вольт"},
	author = {Николай Слабуха},
	url = {http://docs.voltbro.ru/starting-ros/ros-task.html}
}

@MISC{opencv,
	title = {OpenCV tutorial},
	howpublished = {\url{https://docs.opencv.org/}}
}

@MISC{openhd,
	title = {Documentation OpenHD},
	howpublished = {\url{https://github.com/OpenHD/Open.HD}}
}

@comment{jabref-meta: selector_publisher:}

@comment{jabref-meta: selector_author:}

@comment{jabref-meta: selector_journal:}

@comment{jabref-meta: selector_keywords:}

